@misc{VufObjRec,
author = {Vuforia},
title = {{How to use Object Recognition in Unity}},
url = {https://library.vuforia.com/articles/Solution/How-To-Use-Object-Recognition-in-Unity.html},
volume = {35},
year = {2019}
}

@misc{astar_comparison,
    author = {A. Patel},
    title = {{Introduction to A*}},
    url = {http://theory.stanford.edu/~amitp/GameProgramming/AStarComparison.html},
    year = {2019},
}



@misc{VuforiaArticle,
author = {Vuforia},
title = {{ImageTargets}},
url = {https://library.vuforia.com/articles/Training/Image-Target-Guide},
year = {2019}
}

@misc{VuforiaImageTargetGuide,
author = {Vuforia},
title = {{Target Manager}},
url = {https://developer.vuforia.com/targetmanager/project/checkDeviceProjectsCreated},
year = {2019}
}

@misc{VuforiaScanner,
author = {Vuforia},
title = {{Target Object Scanner}},
url = {https://library.vuforia.com/articles/Training/Vuforia-Object-Scanner-Users-Guide},
year = {2019}
}

@misc{VuforiaEngine,
author = {Vuforia},
title = {{Target Engine}},
url = {https://www.vuforia.com/engine.html},
year = {2019}
}

@misc{UnityGameEngine,
author = {Unity},
title = {{Unity Game Engine}},
url = {https://unity3d.com/de/what-is-a-game-engine},
year = {2019}
}

@INPROCEEDINGS{TensorFlow,
author={R. Phadnis and J. Mishra and S. Bendale},
booktitle={2018 Second International Conference on Inventive Communication and Computational Technologies (ICICCT)},
title={Objects Talk - Object Detection and Pattern Tracking Using TensorFlow},
year={2018},
volume={},
number={},
pages={1216-1219},
keywords={application program interfaces;object detection;public domain software;video signal processing;video streaming;pattern tracking;geographical movement;neural network;real-time video streams;REMO-detecting relative motion patterns;TensorFlow object detection API;time minimization;Tracking;Object detection;Trajectory;Neural networks;Graphics processing units;Convergence;Cameras;object detection;TensorFlow;REMO;pattern recognition;SSD MobileNet},
doi={10.1109/ICICCT.2018.8473331},
ISSN={},
month={April},}

@INPROCEEDINGS{TensorFlowClassification,
author={F. Ertam and G. Aydın},
booktitle={2017 International Conference on Computer Science and Engineering (UBMK)},
title={Data classification with deep learning using Tensorflow},
year={2017},
volume={},
number={},
pages={755-758},
keywords={Big Data;data analysis;feature extraction;learning (artificial intelligence);neural nets;data classification;Tensorflow;machine learning;Big Data;data analysis;deep learning libraries;Google;convolutional neural network;CNN;SoftMax classifier;Rectified Linear Unit;Hyperbolic Tangent;tanH;Exponential Linear Unit;sigmoid;ReLu activation function;deep learning artificial neural network;open source artificial intelligence library;Machine learning;Big Data;Libraries;Artificial neural networks;Internet;Training;Deep Learning;Tensorflow;CNN;ReLu;Softmax Classifier},
doi={10.1109/UBMK.2017.8093521},
ISSN={},
month={Oct},}

@INPROCEEDINGS{Vuforia,
author={Fuguo Peng and Jing Zhai},
booktitle={2017 2nd International Conference on Image, Vision and Computing (ICIVC)},
title={A mobile augmented reality system for exhibition hall based on Vuforia},
year={2017},
volume={},
number={},
pages={1049-1052},
keywords={augmented reality;exhibitions;mobile computing;mobile augmented reality system;virtual information;mobile terminal;MAR technology;smart exhibition hall;Vuforia augmented reality framework;Databases;Image recognition;Target recognition;mobile augmented reality;exhibition hall;mobile terminal;vuforia},
doi={10.1109/ICIVC.2017.7984714},
ISSN={},
month={June},}


@ARTICLE{dijkstra_paper,
    author={M. Barbehenn},
    journal={IEEE Transactions on Computers},
    title={A note on the complexity of Dijkstra's algorithm for graphs with weighted vertices},
    year={1998},
    volume={47},
    number={2},
    pages={263-},
    keywords={computational complexity;directed graphs;binary heap;Dijkstra algorithm;weighted vertices;directed graph;nonnegative weight;time complexity;Cost function;Orbital robotics;Space exploration;Data structures;Testing},
    doi={10.1109/12.663776},
    ISSN={0018-9340},
    month={Feb},}

@INPROCEEDINGS{astar_intro,
    author={K. Ping and L. Shuai},
    booktitle={2013 10th International Computer Conference on Wavelet Active Media Technology and Information Processing (ICCWAMTIP)},
    title={A brief introduction of an improved A Star search algorithm},
    year={2013},
    volume={},
    number={},
    pages={146-148},
    keywords={algorithm theory;game theory;graph theory;search problems;A* search algorithm;computer algorithm;path-finding;graph traversal;traversal path;heuristic function;heuristic searching;game development;Algorithm design and analysis;Games;Heuristic algorithms;Computers;Software algorithms;Approximation algorithms;Time complexity;A∗ algorithm;game development;path-finding},
    doi={10.1109/ICCWAMTIP.2013.6716619},
    ISSN={},
    month={Dec},}
@INPROCEEDINGS{astar_performance,
    author={Z. Zhao and R. Liu},
    booktitle={2015 6th IEEE International Conference on Software Engineering and Service Science (ICSESS)},
    title={An optimized method for A star algorithm based on directional guidance},
    year={2015},
    volume={},
    number={},
    pages={986-989},
    keywords={optimisation;search problems;A star algorithm;directional guidance;path finding algorithm;optimized algorithm;heuristic function;CPU;Algorithm design and analysis;Heuristic algorithms;Optimization;Time complexity;Engines;Memory management;Scientific computing;path finding Optimization;direction guide;A∗ algorithm;evaluation function},
    doi={10.1109/ICSESS.2015.7339219},
    ISSN={2327-0594},
    month={Sep.},}
